<?xml version="1.0" encoding="UTF-8"?><collection xmlns="http://www.loc.gov/MARC21/slim"><record><leader>00563nam--2200193-u-4500</leader><controlfield tag="001">000052318</controlfield><controlfield tag="002">20161230</controlfield><controlfield tag="005">20161230201050</controlfield><controlfield tag="008">100618s1000------------r-----000-0-rum-d</controlfield><datafield ind1=" " ind2=" " tag="040"><subfield code="a">IFIN-HH</subfield></datafield><datafield ind1=" " ind2=" " tag="041"><subfield code="a">rum</subfield></datafield><datafield ind1=" " ind2=" " tag="080"><subfield code="a">621-52 : 51-74</subfield></datafield><datafield ind1="1" ind2=" " tag="100"><subfield code="a">Moisil, Gr.C</subfield></datafield><datafield ind1="1" ind2="0" tag="245"><subfield code="a">Functionarea in mai multi timpi a schemelor cu relee ideale</subfield><subfield code="c">Gr.C. Moisil</subfield></datafield><datafield ind1=" " ind2=" " tag="260"><subfield code="a">Bucuresti</subfield><subfield code="b">Editura Academiei PRP</subfield><subfield code="c">1980</subfield></datafield><datafield ind1=" " ind2=" " tag="300"><subfield code="a">279 p</subfield></datafield><datafield ind1=" " ind2=" " tag="490"><subfield code="a">Monografii asupra teoriei algebrice a mecanismelor automate</subfield></datafield><datafield ind1=" " ind2=" " tag="852"><subfield code="a">75858</subfield><subfield code="c">519.2</subfield></datafield><datafield ind1=" " ind2=" " tag="CAT"><subfield code="a">Sys</subfield><subfield code="c">20100618</subfield><subfield code="h">094724</subfield></datafield></record></collection>